% complemento 1
    @article{infoModelWote,
      title={An information-theoretic model of voting systems},
      author={Hosp, Ben and Vora, Poorvi L},
      journal={Mathematical and Computer Modelling},
      volume={48},
      number={9-10},
      pages={1628--1645},
      year={2008},
      publisher={Elsevier}
    }
    
    @inproceedings{adida2008helios,
      title={Helios: Web-based Open-Audit Voting.},
      author={Adida, Ben},
      booktitle={USENIX security symposium},
      volume={17},
      pages={335--348},
      year={2008}
    }
    
    @inproceedings{coney2005PrivacyMeasurement,
      title={Towards a privacy measurement criterion for voting systems},
      author={Coney, Lillie and Hall, Joseph L and Vora, Poorvi L and Wagner, David},
      booktitle={Proceedings of the 2005 national conference on Digital government research},
      pages={287--288},
      year={2005},
      organization={Citeseer}
    }
    
    @incollection{juels2010coercion,
      title={Coercion-resistant electronic elections},
      author={Juels, Ari and Catalano, Dario and Jakobsson, Markus},
      booktitle={Towards Trustworthy Elections},
      pages={37--63},
      year={2010},
      publisher={Springer}
}

%

@article{goldwasser1989knowledge,
  title={The knowledge complexity of interactive proof systems},
  author={Goldwasser, Shafi and Micali, Silvio and Rackoff, Charles},
  journal={SIAM Journal on computing},
  volume={18},
  number={1},
  pages={186--208},
  year={1989},
  publisher={SIAM}
}

@inproceedings{bresson2001provably,
  title={Provably authenticated group Diffie-Hellman key exchange},
  author={Bresson, Emmanuel and Chevassut, Olivier and Pointcheval, David and Quisquater, Jean-Jacques},
  booktitle={Proceedings of the 8th ACM conference on Computer and Communications Security},
  pages={255--264},
  year={2001},
  organization={ACM}
}

@article{naor1991bit,
  title={Bit commitment using pseudorandomness},
  author={Naor, Moni},
  journal={Journal of cryptology},
  volume={4},
  number={2},
  pages={151--158},
  year={1991},
  publisher={Springer}
}

@inproceedings{Du:2001:SMC:508171.508174,
 author = {Du, Wenliang and Atallah, Mikhail J.},
 title = {Secure Multi-party Computation Problems and Their Applications: A Review and Open Problems},
 booktitle = {Proceedings of the 2001 Workshop on New Security Paradigms},
 series = {NSPW '01},
 year = {2001},
 isbn = {1-58113-457-6},
 location = {Cloudcroft, New Mexico},
 pages = {13--22},
 numpages = {10},
 url = {http://doi.acm.org/10.1145/508171.508174},
 doi = {10.1145/508171.508174},
 acmid = {508174},
 publisher = {ACM},
 address = {New York, NY, USA},
 keywords = {privacy, secure multi-party computation},
}

@inproceedings{wikstrom2004universally,
  title={A universally composable mix-net},
  author={Wikstr{\"o}m, Douglas},
  booktitle={Theory of Cryptography Conference},
  pages={317--335},
  year={2004},
  organization={Springer}
}

@article{Chaum1981untraceable,
  title={Untraceable Electronic Mail, Return Addresses, and Digital Pseudonyms},
  author={David L. Chaum},
  journal={Communications},
  year={1981}
}

@inproceedings{chaum1984blind,
  title={Blind signature system},
  author={Chaum, David},
  booktitle={Advances in cryptology},
  pages={153--153},
  year={1984},
  organization={Springer}
}

@misc{BouncyCastle,
  title={Legion of the Bouncy Castle},
  howpublished={\url{https://www.bouncycastle.org/} - Acessado em 21 de Agosto},
  year={2019}
}

@inproceedings{gentry2009fully,
  title={Fully homomorphic encryption using ideal lattices.},
  author={Gentry, Craig and others},
  booktitle={Stoc},
  volume={9},
  number={2009},
  pages={169--178},
  year={2009}
}